@article{texas,
title="A Multiagent Approach to Autonomous Intersection Management",
author={{Kurt Dresner},{Peter Stone}}
}

@article{texas,
    author =    "Kurt Dresner and Peter Stone",
    title =        "A Multiagent Approach to Autonomous Intersection Management",
    year =       "1905"
}

@article{texas3,
title="Auction-based autonomous intersection management",
author={{Dustin Carlino}, {Stephen D. Boyles}, {Peter Stone}}
}

@article{texas2,
title="Mitigating Catastrophic Failure at Intersections of Autonomous Vehicles",
author = {{Kurt Dresner}, {Peter Stone}}
}

@article{mit,
title="Revisiting Street Intersections using Slot-Based Systems",
author={{Remi Tachet}, {Paolo Santi}, {Stanislav Sobolevsky}, {Luis Ignacio Reyes-Castro}, {Emilio Frazzoli}, {Dirk Helbing}, {Carlo Ratti} }
}