@article{texas,
    author =    "Kurt Dresner and Peter Stone",
    title =        "A Multiagent Approach to Autonomous Intersection Management",
    year =       "1905"
}
@article{texas2,
    author =    "Kurt Dresner and Peter Stone",
    title =        "Mitigating Catastrophic Failure at Intersections of Autonomous Vehicle",
    year =       "1905"
}
@article{texas3,
    author =    "Dustin Carlino and Stephen D. Boyles and Peter Stone",
    title =        "Auction-based autonomous intersection management",
    year =       "1905"
}

@article{mit,
    author =    "Remi Tachet and Paolo Santi and Stanislav Sobolevsky and Luis Ignacio Reyes-Castro and Emilio Frazzoli and Dirk Helbing and Carlo Ratti",
    title =        "Revisiting Street Intersections using Slot-Based Systems",
    year =       "1905"
}